@article{saphra2016evaluating,
  title={Evaluating Informal-Domain Word Representations With UrbanDictionary},
  author={Saphra, Naomi and Lopez, Adam},
  journal={Proceedings of the 1st Workshop on Evaluating Vector-Sace Representations for NLP},
  pages={94--98},
  location={Berlin, Germany},
  year={2016}
}

@inproceedings{kondrak2005n,
  title={N-gram similarity and distance},
  author={Kondrak, Grzegorz},
  booktitle={International symposium on string processing and information retrieval},
  pages={115--126},
  year={2005},
  organization={Springer}
}

@misc{tdebatty2017,
  title={java-string-similarity},
  author={Debatty, Thibault and Irwin, Paul},
  publisher={GitHub},
  year={2017},
  journal={GitHub repository},
  howpublished={\url{https://github.com/tdebatty/java-string-similarity/tree/master/src/main/java/info/debatty/java/stringsimilarity}}
}

@misc{rrice2013,
  title={java-string-similarity},
  author={Rice, Ralph},
  publisher={GitHub},
  year={2013},
  journal={GitHub repository},
  howpublished={\url{https://github.com/rrice/java-string-similarity/blob/master/src/main/java/net/ricecode/similarity/DiceCoefficientStrategy.java}}
}

@inproceedings{zobel1996phonetic,
  title={Phonetic string matching: Lessons from information retrieval},
  author={Zobel, Justin and Dart, Philip},
  booktitle={Proceedings of the 19th annual international ACM SIGIR conference on Research and development in information retrieval},
  pages={166--172},
  year={1996},
  organization={ACM}
}

@inproceedings{levenshtein1966binary,
  title={Binary codes capable of correcting deletions, insertions, and reversals},
  author={Levenshtein, Vladimir I},
  booktitle={Soviet physics doklady},
  volume={10},
  number={8},
  pages={707--710},
  year={1966}
}

@article{damerau1964technique,
  title={A technique for computer detection and correction of spelling errors},
  author={Damerau, Fred J},
  journal={Communications of the ACM},
  volume={7},
  number={3},
  pages={171--176},
  year={1964},
  publisher={ACM}
}

@article{needleman1970general,
  title={A general method applicable to the search for similarities in the amino acid sequence of two proteins},
  author={Needleman, Saul B and Wunsch, Christian D},
  journal={Journal of molecular biology},
  volume={48},
  number={3},
  pages={443--453},
  year={1970},
  publisher={Elsevier}
}
